@article{Lorem,
  author  = {Lorem ipsum},
  journal = {The Journal},
  title   = {Lorem ipsum dolor sit amet},
  volume  = {1},
  year    = {2018}
}
@book{Goodfellow-et-al-2016,
  title     = {Deep Learning},
  author    = {Ian Goodfellow and Yoshua Bengio and Aaron Courville},
  publisher = {MIT Press},
  note      = {\url{http://www.deeplearningbook.org}},
  year      = {2016}
}
@book{book:3053244,
  title     = {Deep Learning from Scratch: Building with Python from First Principles},
  author    = {Seth Weidman},
  publisher = {O'Reilly Media},
  isbn      = {1492041416,9781492041412},
  year      = {2019},
  series    = {},
  edition   = {1},
  volume    = {},
  url       = {http://gen.lib.rus.ec/book/index.php?md5=D2618FFD235ECF6EF81D93DFAEBE27E5}
}
@article{Lundberg2020,
  author  = {Scott M. Lundberg and Gabriel Erion and Hugh Chen and Alex DeGrave and Jordan M. Prutkin and Bala Nair and Ronit Katz and Jonathan Himmelfarb and Nisha Bansal and Su-In Lee},
  doi     = {10.1038/s42256-019-0138-9},
  issn    = {2522-5839},
  issue   = {1},
  journal = {Nature Machine Intelligence},
  month   = {1},
  pages   = {56-67},
  title   = {From local explanations to global understanding with explainable AI for trees},
  volume  = {2},
  year    = {2020}
}
@article{gmd-14-1493-2021,
  author  = {Batunacun and Wieland, R. and Lakes, T. and Nendel, C.},
  title   = {Using Shapley additive explanations to interpret extreme gradient boosting predictions of grassland degradation in
             Xilingol, China},
  journal = {Geoscientific Model Development},
  volume  = {14},
  year    = {2021},
  number  = {3},
  pages   = {1493--1510},
  url     = {https://gmd.copernicus.org/articles/14/1493/2021/},
  doi     = {10.5194/gmd-14-1493-2021}
}

@article{Ying2019,
  author  = {Xue Ying},
  doi     = {10.1088/1742-6596/1168/2/022022},
  issn    = {1742-6588},
  journal = {Journal of Physics: Conference Series},
  month   = {2},
  pages   = {022022},
  title   = {An Overview of Overfitting and its Solutions},
  volume  = {1168},
  year    = {2019}
}
